@article{KP81,
        author = {Donald E. Knuth and Michael F. Plass},
        title = {Breaking Paragraphs into Lines},
        journal = {Software---Practice and Experience},
        volume = 11,
        year = 1981,
        pages = {1119-1184}
}

@phdthesis{muntingh2011topics,
  title={Topics in polynomial interpolation theory},
  author={Muntingh, Georg},
  year={2011}
}

@book{krivoshapko2015encyclopedia,
  title={Encyclopedia of analytical surfaces},
  author={Krivoshapko, Sergey and Ivanov, VN},
  year={2015},
  publisher={Springer}
}

@misc{Wik16,
   author = "Wikipedia",
   title = "Projective space --- {W}ikipedia{,} The Free Encyclopedia",
   year = "2016",
   url = "https://en.wikipedia.org/wiki/Projective_space",
   note = "[Online; accessed 19-February-2016]"
 }

@misc{cite,
    author = "Wikipedia",
    title = "Algebraic surfaces --- {W}ikipedia{,} The Free Encyclopedia",
    year = "2016",
    url = "https://en.wikipedia.org/wiki/Algebraic_surface",
    note = "[Online; accessed 29-February-2016]"
}
