@book{FK03,
  title={A first course in abstract algebra},
  author={Fraleigh, J.B. and Katz, V.J.},
  isbn={9780201763904},
  lccn={2002019357},
  series={Addison-Wesley world student series},
  url={https://books.google.no/books?id=xb0ZAQAAIAAJ},
  year={2003},
  publisher={Addison-Wesley}
}

@misc{Pol16,
  author = {{Polynomial Ring}},
  title = "Polynomial Ring --- {W}ikipedia{,} The Free Encyclopedia",
  year = "2016",
  url = "https://en.wikipedia.org/wiki/Polynomial_ring",
  note = "[Online; accessed 19-May-2016]"
}

@book{Har77,
   title = "Algebraic geometry",
   author = "Hartshorne, Robin",
   series = "Graduate texts in mathematics",
   publisher = "Springer",
   address = "New York",
   url = "http://opac.inria.fr/record=b1102947",
   isbn = "0-387-90244-9",
   year = 1977
}

@article{Whi08,
  title={Resolution of Singularities in Algebraic Varieties},
  author={Whitten, Emma},
  year={2008}
}

@misc{Dim16,
  author = {{Dimension of an algebraic variety}},
  title = "Dimension of an algebraic variety --- {W}ikipedia{,} The Free Encyclopedia",
  year = "2016",
  url = "https://en.wikipedia.org/wiki/Dimension_of_an_algebraic_variety",
  note = "[Online; accessed 19-May-2016]"
}

@article{Lab14,
    author = "Labs, Oliver",
    title = "World record surfaces --- Algebraic surfaces with many singularities",
    year = "2014",
}

@phdthesis{oliver2005hypersurfaces,
  title={Hypersurfaces with Many Singularities: History-Constructions-Algorithms-Visualization},
  author={Oliver Labs},
  year={2005}
}
